<?xml version="1.0" encoding="UTF-8"?><record xmlns="http://www.loc.gov/MARC21/slim" xmlns:cinclude="http://apache.org/cocoon/include/1.0" xmlns:zs="http://www.loc.gov/zing/srw/">
  <leader>00369cz  a2200133n  4500</leader>
  <controlfield tag="001">n 2010215839</controlfield>
  <controlfield tag="003">DLC</controlfield>
  <controlfield tag="005">20100112075452.0</controlfield>
  <controlfield tag="008">100111n| acannaabn          |a aaa      </controlfield>
  <datafield tag="010" ind1=" " ind2=" ">
    <subfield code="a">n 2010215839</subfield>
  </datafield>
  <datafield tag="040" ind1=" " ind2=" ">
    <subfield code="a">DLC</subfield>
    <subfield code="b">eng</subfield>
    <subfield code="c">DLC</subfield>
  </datafield>
  <datafield tag="100" ind1="1" ind2=" ">
    <subfield code="a">Muʻjizī, Ilāhah</subfield>
  </datafield>
  <datafield tag="400" ind1="0" ind2=" ">
    <subfield code="a">Ilāhah Muʻjizī</subfield>
  </datafield>
  <datafield tag="670" ind1=" " ind2=" ">
    <subfield code="a">Balūṭʹhā-yi talkh, 2005:</subfield>
    <subfield code="b">container insert (Ilāhah Muʻjizī)</subfield>
  </datafield>
</record>